<?xml version="1.0"?>
<collection>
    <record>
        <leader>01508ctmaa22002652a 4500</leader>
        <controlfield tag="001">9962668453506421</controlfield>
        <controlfield tag="005">20200927195335.0</controlfield>
        <controlfield tag="008">851121q18001899xx 000 0 ara d</controlfield>
        <datafield tag="035" ind1=" " ind2=" ">
            <subfield code="a">6266845</subfield>
        </datafield>
        <datafield tag="035" ind1=" " ind2=" ">
            <subfield code="a">(NjP)6266845-princetondb</subfield>
        </datafield>
        <datafield tag="040" ind1=" " ind2=" ">
            <subfield code="a">PUL</subfield>
            <subfield code="c">PUL</subfield>
        </datafield>
        <datafield tag="066" ind1=" " ind2=" ">
            <subfield code="c">(3</subfield>
        </datafield>
        <datafield tag="100" ind1="1" ind2=" ">
            <subfield code="a">Erzuru&#x304;mi&#x304;, Ibra&#x304;hi&#x304;m ibn
                &#x2BB;Uthma&#x304;n h&#x323;aqqi&#x304;,</subfield>
            <subfield code="d">d. 1781.</subfield>
        </datafield>
        <datafield tag="245" ind1="1" ind2="0">
            <subfield code="a">Ulfat al-ana&#x304;m bi-al-amn wa-al-a&#x304;ma&#x304;n.</subfield>
        </datafield>
        <datafield tag="500" ind1=" " ind2=" ">
            <subfield code="a">fol. 2b-25a. 208 x 130; 155 x 77 mm. 25 lin. Rajab 1290.</subfield>
        </datafield>
        <datafield tag="500" ind1=" " ind2=" ">
            <subfield code="a">Aaccording to Brockelmann, GAL, and Tahir, Osmanl&#x131;
                mu&#x308;&#x2BB;ellifleri (1914-24), the author d. 1186/1772, but the colophon of
                the ms. indicates that the author completed his work in 1190 H.).</subfield>
        </datafield>
        <datafield tag="500" ind1=" " ind2=" ">
            <subfield code="a">Brockelmann, GAL, S II, 1004 (79: no. 3) Tahir, Osmanl&#x131;
                mu&#x308;&#x2BB;ellifleri (1914-24), I, 35 (no. 37).</subfield>
        </datafield>
        <datafield tag="500" ind1=" " ind2=" ">
            <subfield code="a">The treatise is divided into 25 fas&#x323;l and
                kha&#x304;timah:</subfield>
        </datafield>
        <datafield tag="500" ind1=" " ind2=" ">
            <subfield code="a">&#x627;&#x644;&#x627;&#x648;&#x644;): &#x641;&#x649;
                &#x628;&#x649;&#x627;&#x646; &#x641;&#x636;&#x627;&#x626;&#x644;
                &#x627;&#x644;&#x627;&#x644;&#x641;&#x629;</subfield>
        </datafield>
        <datafield tag="500" ind1=" " ind2=" ">
            <subfield code="a">... &#x627;&#x644;&#x62B;&#x627;&#x646;&#x649;): &#x641;&#x649;
                &#x628;&#x649;&#x627;&#x646; &#x641;&#x648;&#x627;&#x626;&#x62F;
                &#x627;&#x644;&#x627;&#x641;&#x629; &#x628;&#x62D;&#x633;&#x646;
                &#x627;&#x644;&#x62E;&#x644;&#x642; &#x645;&#x639;
                &#x627;&#x644;&#x62E;&#x644;&#x642;</subfield>
        </datafield>
        <datafield tag="500" ind1=" " ind2=" ">
            <subfield code="a">&#x627;&#x644;&#x631;&#x627;&#x628;&#x639;
                &#x648;&#x627;&#x644;&#x639;&#x634;&#x631;&#x648;&#x646;): &#x641;&#x649;
                &#x622;&#x62F;&#x627;&#x628; &#x635;&#x62D;&#x628;&#x629;
                &#x627;&#x62E;&#x648;&#x627;&#x646; &#x627;&#x644;&#x635;&#x641;&#x627;
                &#x648;&#x627;&#x631;&#x6A9;&#x627;&#x646;
                &#x627;&#x644;&#x627;&#x644;&#x641;&#x629; &#x628;&#x647;&#x645;</subfield>
        </datafield>
        <datafield tag="500" ind1=" " ind2=" ">
            <subfield code="a">... &#x627;&#x644;&#x62E;&#x627;&#x645;&#x633;
                &#x648;&#x627;&#x644;&#x639;&#x634;&#x631;&#x648;&#x646;): &#x641;&#x649;
                &#x622;&#x62F;&#x627;&#x628; &#x635;&#x62D;&#x628;&#x629;
                &#x645;&#x639;&#x627;&#x631;&#x641; &#x627;&#x644;&#x646;&#x627;&#x633;.
                &#x62E;&#x627;&#x62A;&#x645;&#x629; &#x622;&#x62F;&#x627;&#x628;
                &#x635;&#x62D;&#x628;&#x629; &#x645;&#x62C;&#x627;&#x647;&#x644;
                &#x627;&#x644;&#x646;&#x627;&#x633;</subfield>
        </datafield>
        <datafield tag="500" ind1=" " ind2=" ">
            <subfield code="a">Incip.: ... &#x627;&#x644;&#x62D;&#x645;&#x62F; &#x644;&#x644;&#x647;
                &#x627;&#x644;&#x631;&#x624;&#x641;
                &#x627;&#x644;&#x631;&#x62D;&#x649;&#x645;</subfield>
        </datafield>
        <datafield tag="650" ind1=" " ind2="0">
            <subfield code="a">Islamic etiquette</subfield>
            <subfield code="v">Early works to 1800.</subfield>
        </datafield>
        <datafield tag="655" ind1=" " ind2="7">
            <subfield code="a">Manuscripts, Arabic</subfield>
            <subfield code="y">19th century.</subfield>
            <subfield code="2">lcsh</subfield>
        </datafield>
        <datafield tag="773" ind1="0" ind2=" ">
            <subfield code="t">[Ulfat al-ana&#x304;m bi-al-amn wa-al-a&#x304;ma&#x304;n ...
                etc.]</subfield>
            <subfield code="w">99116510643506421</subfield>
        </datafield>
    </record>