
    <record>
        <leader>00717ctmaa22001812a 4500</leader>
        <controlfield tag="001">9962668473506421</controlfield>
        <controlfield tag="005">20200927195335.0</controlfield>
        <controlfield tag="008">851121q16001699xx 000 0 ara d</controlfield>
        <datafield tag="035" ind1=" " ind2=" ">
            <subfield code="a">6266847</subfield>
        </datafield>
        <datafield tag="035" ind1=" " ind2=" ">
            <subfield code="a">(NjP)6266847-princetondb</subfield>
        </datafield>
        <datafield tag="040" ind1=" " ind2=" ">
            <subfield code="a">PUL</subfield>
            <subfield code="c">PUL</subfield>
        </datafield>
        <datafield tag="066" ind1=" " ind2=" ">
            <subfield code="c">(3</subfield>
        </datafield>
        <datafield tag="245" ind1="0" ind2="3">
            <subfield code="a">al-Risa&#x304;lah al-sala&#x304;mi&#x304;yah.</subfield>
        </datafield>
        <datafield tag="500" ind1=" " ind2=" ">
            <subfield code="a">fol. 150b-155b. 200 x 143; 143 x 73 mm. 19 lin. 17th cen.</subfield>
        </datafield>
        <datafield tag="500" ind1=" " ind2=" ">
            <subfield code="a">anon. -same as Fihrist al-makht&#x323;u&#x304;t&#x323;a&#x304;t
                (1961-63) I, 356; title on fol. 150b.</subfield>
        </datafield>
        <datafield tag="500" ind1=" " ind2=" ">
            <subfield code="a">Incip.: ... &#x641;&#x635;&#x644; &#x641;&#x649;
                &#x627;&#x644;&#x633;&#x644;&#x627;&#x645; &#x648;&#x645;&#x627;
                &#x649;&#x62A;&#x639;&#x644;&#x642; &#x628;&#x647; &#x648;&#x647;&#x648;
                &#x645;&#x634;&#x62A;&#x645;&#x644; &#x639;&#x644;&#x649;
                &#x62B;&#x644;&#x627;&#x62B;&#x649;&#x646;
                &#x645;&#x633;&#x626;&#x644;&#x629;</subfield>
        </datafield>
        <datafield tag="650" ind1=" " ind2="0">
            <subfield code="a">Islamic etiquette</subfield>
            <subfield code="v">Early works to 1800.</subfield>
        </datafield>
        <datafield tag="655" ind1=" " ind2="7">
            <subfield code="a">Manuscripts, Arabic</subfield>
            <subfield code="y">17th century.</subfield>
            <subfield code="2">lcsh</subfield>
        </datafield>
        <datafield tag="773" ind1="0" ind2=" ">
            <subfield code="t">[Sharh&#x323; al-Durr al-yati&#x304;m ... etc.]</subfield>
            <subfield code="w">99116511003506421</subfield>
        </datafield>
    </record>