
    <record>
        <leader>00765ctmaa22001932a 4500</leader>
        <controlfield tag="001">9962668483506421</controlfield>
        <controlfield tag="005">20200927195335.0</controlfield>
        <controlfield tag="008">851121q17001799xx 000 0 ara d</controlfield>
        <datafield tag="035" ind1=" " ind2=" ">
            <subfield code="a">6266848</subfield>
        </datafield>
        <datafield tag="035" ind1=" " ind2=" ">
            <subfield code="a">(NjP)6266848-princetondb</subfield>
        </datafield>
        <datafield tag="040" ind1=" " ind2=" ">
            <subfield code="a">PUL</subfield>
            <subfield code="c">PUL</subfield>
        </datafield>
        <datafield tag="066" ind1=" " ind2=" ">
            <subfield code="c">(3</subfield>
        </datafield>
        <datafield tag="245" ind1="0" ind2="0">
            <subfield code="a">Ba&#x304;b fi&#x304; al-lu&#x2BB;b bi-al-maysir.</subfield>
        </datafield>
        <datafield tag="500" ind1=" " ind2=" ">
            <subfield code="a">fol. 221a-b. 301 x 190 mm. 18th cen.</subfield>
        </datafield>
        <datafield tag="500" ind1=" " ind2=" ">
            <subfield code="a">anon.</subfield>
        </datafield>
        <datafield tag="500" ind1=" " ind2=" ">
            <subfield code="a">Incip.: ... &#x628;&#x627;&#x628; &#x649;&#x62D;&#x648;&#x649;
                &#x6A9;&#x649;&#x641;&#x649;&#x629; &#x627;&#x644;&#x644;&#x639;&#x628;
                &#x628;&#x627;&#x644;&#x645;&#x649;&#x633;&#x631; &#x648;&#x645;&#x627;
                &#x644;&#x633;&#x647;&#x627;&#x645;&#x647; &#x645;&#x646;
                &#x627;&#x644;&#x633;&#x647;&#x627;&#x645; .. &#x627;&#x639;&#x644;&#x645;
                &#x627;&#x646; &#x627;&#x644;&#x645;&#x649;&#x633;&#x631; &#x6A9;&#x627;&#x646;
                &#x639;&#x646;&#x62F; &#x627;&#x644;&#x639;&#x631;&#x628;</subfield>
        </datafield>
        <datafield tag="650" ind1=" " ind2="0">
            <subfield code="a">Gambling</subfield>
            <subfield code="x">Religious aspects</subfield>
            <subfield code="x">Islam</subfield>
            <subfield code="v">Early works to 1800.</subfield>
        </datafield>
        <datafield tag="650" ind1=" " ind2="0">
            <subfield code="a">Games</subfield>
            <subfield code="x">Religious aspects</subfield>
            <subfield code="x">Islam</subfield>
            <subfield code="v">Early works to 1800.</subfield>
        </datafield>
        <datafield tag="655" ind1=" " ind2="7">
            <subfield code="a">Manuscripts, Arabic</subfield>
            <subfield code="y">18th century.</subfield>
            <subfield code="2">lcsh</subfield>
        </datafield>
        <datafield tag="773" ind1="0" ind2=" ">
            <subfield code="t">[Ba&#x304;b fi&#x304; al-lu&#x2BB;b bi-al-maysir ... etc.]</subfield>
            <subfield code="w">99116509713506421</subfield>
        </datafield>
    </record>