
    <record>
        <leader>00864ctmaa22001932a 4500</leader>
        <controlfield tag="001">9962668523506421</controlfield>
        <controlfield tag="005">20200927195336.0</controlfield>
        <controlfield tag="008">851121q15001599xx 000 0 ara d</controlfield>
        <datafield tag="035" ind1=" " ind2=" ">
            <subfield code="a">6266852</subfield>
        </datafield>
        <datafield tag="035" ind1=" " ind2=" ">
            <subfield code="a">(NjP)6266852-princetondb</subfield>
        </datafield>
        <datafield tag="040" ind1=" " ind2=" ">
            <subfield code="a">PUL</subfield>
            <subfield code="c">PUL</subfield>
        </datafield>
        <datafield tag="066" ind1=" " ind2=" ">
            <subfield code="c">(3</subfield>
        </datafield>
        <datafield tag="100" ind1="0" ind2=" ">
            <subfield code="a">Suyu&#x304;t&#x323;i&#x304;,</subfield>
            <subfield code="d">1445-1505.</subfield>
            <subfield code="0">http://id.loc.gov/authorities/names/n80081636</subfield>
        </datafield>
        <datafield tag="245" ind1="1" ind2="3">
            <subfield code="a">al-Wisha&#x304;h&#x323; fi&#x304; fawa&#x304;&#x2BC;id
                al-nika&#x304;h&#x323;.</subfield>
        </datafield>
        <datafield tag="500" ind1=" " ind2=" ">
            <subfield code="a">fol. 4a-69a. 212 x 151; 165 x 96mrm. 25 lin. [966 H.]</subfield>
        </datafield>
        <datafield tag="500" ind1=" " ind2=" ">
            <subfield code="a">Brockelmann, GAL, II, 196 (no. 208); S II, 192.</subfield>
        </datafield>
        <datafield tag="500" ind1=" " ind2=" ">
            <subfield code="a">The first leaf is missing; incip. (as extant): ...
                &#x648;&#x62C;&#x639;&#x644;&#x62A;&#x647; &#x639;&#x644;&#x649;
                &#x645;&#x642;&#x62F;&#x645;&#x629; &#x648;&#x62A;&#x633;&#x639;&#x629;
                &#x641;&#x635;&#x648;&#x644; &#x627;&#x644;&#x641;&#x635;&#x644;
                &#x627;&#x644;&#x627;&#x648;&#x644; &#x627;&#x645;&#x627;
                &#x62A;&#x631;&#x63A;&#x649;&#x628;
                &#x627;&#x644;&#x646;&#x6A9;&#x627;&#x62D;</subfield>
        </datafield>
        <datafield tag="650" ind1=" " ind2="0">
            <subfield code="a">Marriage</subfield>
            <subfield code="x">Religious aspects</subfield>
            <subfield code="x">Islam</subfield>
            <subfield code="v">Early works to 1800.</subfield>
        </datafield>
        <datafield tag="655" ind1=" " ind2="7">
            <subfield code="a">Manuscripts, Arabic</subfield>
            <subfield code="y">16th century.</subfield>
            <subfield code="2">lcsh</subfield>
        </datafield>
        <datafield tag="773" ind1="0" ind2=" ">
            <subfield code="t">[Shaqa&#x304;&#x2BC;iq al-utrunj fi&#x304; raqa&#x304;&#x2BC;iq
                al-ghunj ... etc.]</subfield>
            <subfield code="w">99116509303506421</subfield>
        </datafield>
    </record>