
    <record>
        <leader>00914ctmaa22002052a 4500</leader>
        <controlfield tag="001">9962668533506421</controlfield>
        <controlfield tag="005">20200927195336.0</controlfield>
        <controlfield tag="008">851121q16001699xx 000 0 ara d</controlfield>
        <datafield tag="035" ind1=" " ind2=" ">
            <subfield code="a">6266853</subfield>
        </datafield>
        <datafield tag="035" ind1=" " ind2=" ">
            <subfield code="a">(NjP)6266853-princetondb</subfield>
        </datafield>
        <datafield tag="040" ind1=" " ind2=" ">
            <subfield code="a">PUL</subfield>
            <subfield code="c">PUL</subfield>
        </datafield>
        <datafield tag="066" ind1=" " ind2=" ">
            <subfield code="c">(3</subfield>
        </datafield>
        <datafield tag="100" ind1="0" ind2=" ">
            <subfield code="a">Suyu&#x304;t&#x323;i&#x304;,</subfield>
            <subfield code="d">1445-1505.</subfield>
            <subfield code="0">http://id.loc.gov/authorities/names/n80081636</subfield>
        </datafield>
        <datafield tag="245" ind1="1" ind2="0">
            <subfield code="a">Nuz&#x2B9;hat al-muta&#x2BC;ammil wa-murshid
                al-muta&#x2BC;ahhil.</subfield>
        </datafield>
        <datafield tag="500" ind1=" " ind2=" ">
            <subfield code="a">ff. 28. 201 x 130; 158 x 82 mm. 25 lin. 17th/18th cen.</subfield>
        </datafield>
        <datafield tag="500" ind1=" " ind2=" ">
            <subfield code="a">Brockelmann, GAL, II, 196 (no. 211); S II, 192.</subfield>
        </datafield>
        <datafield tag="500" ind1=" " ind2=" ">
            <subfield code="a">The first leaf is missing; incip. (as extant): ...
                &#x633;&#x645;&#x649;&#x62A;&#x647;&#x627; &#x645;&#x628;&#x627;&#x633;&#x645;
                &#x627;&#x644;&#x645;&#x644;&#x627;&#x62D; ...
                &#x641;&#x627;&#x62E;&#x62A;&#x635;&#x631;&#x62A; &#x645;&#x646;&#x647;&#x627;
                &#x647;&#x630;&#x627; &#x627;&#x644;&#x645;&#x62E;&#x62A;&#x635;&#x631;
                &#x641;&#x649; &#x646;&#x62D;&#x648; &#x639;&#x634;&#x631;&#x647;&#x627;</subfield>
        </datafield>
        <datafield tag="530" ind1=" " ind2=" ">
            <subfield code="a">Also available in an electronic version.</subfield>
        </datafield>
        <datafield tag="650" ind1=" " ind2="0">
            <subfield code="a">Marriage</subfield>
            <subfield code="x">Religious aspects</subfield>
            <subfield code="x">Islam</subfield>
            <subfield code="v">Early works to 1800.</subfield>
        </datafield>
        <datafield tag="655" ind1=" " ind2="7">
            <subfield code="a">Manuscripts, Arabic</subfield>
            <subfield code="y">17th century.</subfield>
            <subfield code="2">lcsh</subfield>
        </datafield>
        <datafield tag="856" ind1="4" ind2="1">
            <subfield code="u">http://arks.princeton.edu/ark:/88435/0z709004r</subfield>
        </datafield>
    </record>