
    <record>
        <leader>00739ctmaa22001812a 4500</leader>
        <controlfield tag="001">9962668543506421</controlfield>
        <controlfield tag="005">20200927195336.0</controlfield>
        <controlfield tag="008">851121q14001499xx 000 0 ara d</controlfield>
        <datafield tag="035" ind1=" " ind2=" ">
            <subfield code="a">6266854</subfield>
        </datafield>
        <datafield tag="035" ind1=" " ind2=" ">
            <subfield code="a">(NjP)6266854-princetondb</subfield>
        </datafield>
        <datafield tag="040" ind1=" " ind2=" ">
            <subfield code="a">PUL</subfield>
            <subfield code="c">PUL</subfield>
        </datafield>
        <datafield tag="066" ind1=" " ind2=" ">
            <subfield code="c">(3</subfield>
        </datafield>
        <datafield tag="245" ind1="0" ind2="0">
            <subfield code="a">Abh&#x323;a&#x304;th al-nika&#x304;h&#x323; li-dhi&#x304;
                isti&#x304;d&#x323;a&#x304;h&#x323;.</subfield>
        </datafield>
        <datafield tag="500" ind1=" " ind2=" ">
            <subfield code="a">fol. 14b-27a. 175 x 130; 130 x 90 mm. 13 lin. 15th cen.</subfield>
        </datafield>
        <datafield tag="500" ind1=" " ind2=" ">
            <subfield code="a">anon.</subfield>
        </datafield>
        <datafield tag="500" ind1=" " ind2=" ">
            <subfield code="a">Incip.: ... &#x627;&#x644;&#x62D;&#x645;&#x62F; &#x644;&#x644;&#x647;
                &#x627;&#x644;&#x630;&#x649; &#x62E;&#x644;&#x642;
                &#x627;&#x644;&#x646;&#x627;&#x633; &#x645;&#x646; &#x646;&#x641;&#x633;
                &#x648;&#x627;&#x62D;&#x62F; ... &#x648;&#x628;&#x639;&#x62F;
                &#x641;&#x627;&#x644;&#x646;&#x6A9;&#x627;&#x62D; &#x649;&#x646;&#x638;&#x631;
                &#x641;&#x649; &#x645;&#x62F;&#x644;&#x648;&#x644;&#x647; &#x644;&#x63A;&#x629;
                &#x648;&#x634;&#x631;&#x639;&#x627;</subfield>
        </datafield>
        <datafield tag="650" ind1=" " ind2="0">
            <subfield code="a">Marriage</subfield>
            <subfield code="x">Religious aspects</subfield>
            <subfield code="x">Islam</subfield>
            <subfield code="v">Early works to 1800.</subfield>
        </datafield>
        <datafield tag="655" ind1=" " ind2="7">
            <subfield code="a">Manuscripts, Arabic</subfield>
            <subfield code="y">15th century.</subfield>
            <subfield code="2">lcsh</subfield>
        </datafield>
        <datafield tag="773" ind1="0" ind2=" ">
            <subfield code="t">[Abh&#x323;a&#x304;th al-nika&#x304;h&#x323; li-dhi&#x304;
                isti&#x304;d&#x323;a&#x304;h&#x323; ... etc.]</subfield>
            <subfield code="w">99116506803506421</subfield>
        </datafield>
    </record>