
    <record>
        <leader>00845ctmaa22001932a 4500</leader>
        <controlfield tag="001">9962668553506421</controlfield>
        <controlfield tag="005">20200927195336.0</controlfield>
        <controlfield tag="008">851121q14001499xx 000 0 ara d</controlfield>
        <datafield tag="035" ind1=" " ind2=" ">
            <subfield code="a">6266855</subfield>
        </datafield>
        <datafield tag="035" ind1=" " ind2=" ">
            <subfield code="a">(NjP)6266855-princetondb</subfield>
        </datafield>
        <datafield tag="040" ind1=" " ind2=" ">
            <subfield code="a">PUL</subfield>
            <subfield code="c">PUL</subfield>
        </datafield>
        <datafield tag="066" ind1=" " ind2=" ">
            <subfield code="c">(3</subfield>
        </datafield>
        <datafield tag="245" ind1="0" ind2="0">
            <subfield code="a">Asa&#x304;s sirr al-akya&#x304;s.</subfield>
        </datafield>
        <datafield tag="500" ind1=" " ind2=" ">
            <subfield code="a">fol. 27b-41b. 175 x 130; 130 x 90 mm. 13 lin. 15th cen.</subfield>
        </datafield>
        <datafield tag="500" ind1=" " ind2=" ">
            <subfield code="a">Anon. treatise on sexual ethics.</subfield>
        </datafield>
        <datafield tag="500" ind1=" " ind2=" ">
            <subfield code="a">Incip.: ... &#x627;&#x644;&#x62D;&#x645;&#x62F; &#x644;&#x644;&#x647;
                &#x627;&#x644;&#x630;&#x649; &#x62E;&#x644;&#x642; &#x645;&#x646;
                &#x627;&#x644;&#x645;&#x627;&#x621; &#x628;&#x634;&#x631;&#x627; ...
                &#x648;&#x628;&#x639;&#x62F; &#x641;&#x628;&#x649;&#x627;&#x646;
                &#x628;&#x639;&#x636; &#x627;&#x633;&#x627;&#x633; &#x633;&#x631;
                &#x627;&#x644;&#x627;&#x6A9;&#x649;&#x627;&#x633;</subfield>
        </datafield>
        <datafield tag="650" ind1=" " ind2="0">
            <subfield code="a">Islam</subfield>
            <subfield code="x">Customs and practices</subfield>
            <subfield code="v">Early works to 1800.</subfield>
            <subfield code="0">http://id.loc.gov/authorities/subjects/sh2008104961</subfield>
        </datafield>
        <datafield tag="650" ind1=" " ind2="0">
            <subfield code="a">Sexual ethics</subfield>
            <subfield code="x">Religious aspects</subfield>
            <subfield code="x">Islam</subfield>
            <subfield code="v">Early works to 1800.</subfield>
        </datafield>
        <datafield tag="655" ind1=" " ind2="7">
            <subfield code="a">Manuscripts, Arabic</subfield>
            <subfield code="y">15th century.</subfield>
            <subfield code="2">lcsh</subfield>
        </datafield>
        <datafield tag="773" ind1="0" ind2=" ">
            <subfield code="t">[Abh&#x323;a&#x304;th al-nika&#x304;h&#x323; li-dhi&#x304;
                isti&#x304;d&#x323;a&#x304;h&#x323; ... etc.]</subfield>
            <subfield code="w">99116506803506421</subfield>
        </datafield>
    </record>