
    <record>
        <leader>01620ctmaa22001932a 4500</leader>
        <controlfield tag="001">9962668563506421</controlfield>
        <controlfield tag="005">20200927195336.0</controlfield>
        <controlfield tag="008">851121q16001699xx 000 0 ara d</controlfield>
        <datafield tag="035" ind1=" " ind2=" ">
            <subfield code="a">6266856</subfield>
        </datafield>
        <datafield tag="035" ind1=" " ind2=" ">
            <subfield code="a">(NjP)6266856-princetondb</subfield>
        </datafield>
        <datafield tag="040" ind1=" " ind2=" ">
            <subfield code="a">PUL</subfield>
            <subfield code="c">PUL</subfield>
        </datafield>
        <datafield tag="066" ind1=" " ind2=" ">
            <subfield code="c">(3</subfield>
        </datafield>
        <datafield tag="245" ind1="0" ind2="0">
            <subfield code="a">Tuh&#x323;fat al-ru&#x2BC;asa&#x304;&#x2BC; fi&#x304;
                ba&#x2BB;d&#x323; ma&#x304; warada fi&#x304; al-nisa&#x304;&#x2BC;.</subfield>
        </datafield>
        <datafield tag="500" ind1=" " ind2=" ">
            <subfield code="a">fol. 96a-124b. 200 x 145; 155 x 92 mm. Sha&#x2BB;ba&#x304;n 1064,
                &#x2BB;Abd al-Jawa&#x304;d ibn &#x2BB;Ali&#x304; al-Abya&#x304;ri&#x304;.</subfield>
        </datafield>
        <datafield tag="500" ind1=" " ind2=" ">
            <subfield code="a">One leaf, containing the commencement of the preface, is missing; the
                anon. author describes the arrangement of his work as follows (fol. 96a, lin. 16
                sqq.): ... &#x648;&#x633;&#x645;&#x649;&#x62A;&#x647;&#x627;
                &#x62A;&#x62D;&#x641;&#x629; &#x627;&#x644;&#x631;&#x648;&#x633;&#x627; ...
                &#x648;&#x636;&#x645;&#x646;&#x62A;&#x647;&#x627;
                &#x628;&#x627;&#x628;&#x649;&#x646; &#x627;&#x644;&#x628;&#x627;&#x628;
                &#x627;&#x644;&#x627;&#x648;&#x644; &#x641;&#x649;&#x645;&#x627;
                &#x648;&#x631;&#x62F; &#x641;&#x649;&#x645;&#x627; &#x641;&#x649;
                &#x627;&#x644;&#x646;&#x633;&#x627; &#x648;&#x641;&#x649;&#x647;
                &#x62B;&#x644;&#x627;&#x62B;&#x629; &#x641;&#x635;&#x648;&#x644;
                &#x627;&#x644;&#x641;&#x635;&#x644; &#x627;&#x644;&#x627;&#x648;&#x644;
                &#x641;&#x649; &#x630;&#x645; &#x627;&#x644;&#x646;&#x633;&#x627;&#x621;
                &#x627;&#x644;&#x641;&#x635;&#x644; &#x627;&#x644;&#x62B;&#x627;&#x646;&#x649;
                &#x641;&#x649; &#x627;&#x644;&#x62A;&#x62D;&#x630;&#x631; &#x645;&#x646;
                &#x641;&#x62A;&#x646;&#x62A;&#x647;&#x646; &#x627;&#x644;&#x641;&#x635;&#x644;
                &#x627;&#x644;&#x62B;&#x627;&#x644;&#x62B; &#x641;&#x649;
                &#x641;&#x639;&#x644;&#x647;&#x646; &#x627;&#x644;&#x642;&#x628;&#x649;&#x62D;
                &#x627;&#x644;&#x645;&#x633;&#x645;&#x649;
                &#x628;&#x627;&#x644;&#x633;&#x62D;&#x627;&#x642;
                &#x627;&#x644;&#x628;&#x627;&#x628; &#x627;&#x644;&#x62B;&#x627;&#x646;&#x649;
                &#x641;&#x649; &#x627;&#x644;&#x646;&#x6A9;&#x627;&#x62D;
                &#x648;&#x641;&#x649;&#x647; &#x627;&#x631;&#x628;&#x639;&#x629;
                &#x641;&#x635;&#x648;&#x644; &#x627;&#x644;&#x641;&#x635;&#x644;
                &#x627;&#x644;&#x627;&#x648;&#x644; &#x641;&#x649;
                &#x627;&#x644;&#x62A;&#x631;&#x63A;&#x649;&#x628; &#x641;&#x649;&#x647;
                &#x648;&#x641;&#x649; &#x622;&#x641;&#x627;&#x62A;&#x647;
                &#x627;&#x644;&#x641;&#x635;&#x644; &#x627;&#x644;&#x62B;&#x627;&#x646;&#x649;
                &#x641;&#x649; &#x627;&#x644;&#x62A;&#x631;&#x63A;&#x649;&#x628;
                &#x641;&#x649;&#x647; &#x648;&#x641;&#x649;
                &#x641;&#x648;&#x627;&#x626;&#x62F;&#x647; &#x627;&#x644;&#x641;&#x635;&#x644;
                &#x627;&#x644;&#x62B;&#x627;&#x644;&#x62B; &#x641;&#x649; &#x62D;&#x642;
                &#x627;&#x644;&#x632;&#x648;&#x62C; &#x639;&#x644;&#x649;
                &#x627;&#x644;&#x632;&#x648;&#x62C;&#x629; &#x627;&#x644;&#x641;&#x635;&#x644;
                &#x627;&#x644;&#x631;&#x627;&#x628;&#x639; &#x641;&#x649;
                &#x622;&#x62F;&#x627;&#x628;
                &#x645;&#x639;&#x627;&#x634;&#x631;&#x62A;&#x647;&#x646;</subfield>
        </datafield>
        <datafield tag="500" ind1=" " ind2=" ">
            <subfield code="a">According to colophon, the author completed his work in 1025
                H.</subfield>
        </datafield>
        <datafield tag="650" ind1=" " ind2="0">
            <subfield code="a">Marriage</subfield>
            <subfield code="x">Religious aspects</subfield>
            <subfield code="x">Islam</subfield>
            <subfield code="v">Early works to 1800.</subfield>
        </datafield>
        <datafield tag="650" ind1=" " ind2="0">
            <subfield code="a">Women</subfield>
            <subfield code="z">Islamic Empire</subfield>
            <subfield code="v">Early works to 1800.</subfield>
        </datafield>
        <datafield tag="655" ind1=" " ind2="7">
            <subfield code="a">Manuscripts, Arabic</subfield>
            <subfield code="y">17th century.</subfield>
            <subfield code="2">lcsh</subfield>
        </datafield>
        <datafield tag="773" ind1="0" ind2=" ">
            <subfield code="t">[Tuh&#x323;fat al-ru&#x2BC;asa&#x304;&#x2BC; fi&#x304;
                ba&#x2BB;d&#x323; ma&#x304; warada fi&#x304; al-nisa&#x304;&#x2BC; ...
                etc.]</subfield>
            <subfield code="w">99116510813506421</subfield>
        </datafield>
    </record>