
    <record>
        <leader>00930ctmaa22002052a 4500</leader>
        <controlfield tag="001">9962668573506421</controlfield>
        <controlfield tag="005">20200927195336.0</controlfield>
        <controlfield tag="008">851121q17001799xx 000 0 ara d</controlfield>
        <datafield tag="035" ind1=" " ind2=" ">
            <subfield code="a">6266857</subfield>
        </datafield>
        <datafield tag="035" ind1=" " ind2=" ">
            <subfield code="a">(NjP)6266857-princetondb</subfield>
        </datafield>
        <datafield tag="040" ind1=" " ind2=" ">
            <subfield code="a">PUL</subfield>
            <subfield code="c">PUL</subfield>
        </datafield>
        <datafield tag="066" ind1=" " ind2=" ">
            <subfield code="c">(3</subfield>
        </datafield>
        <datafield tag="100" ind1="1" ind2=" ">
            <subfield code="a">Za&#x304;hid, Ah&#x323;mad ibn Muh&#x323;ammad,</subfield>
            <subfield code="d">-1416.</subfield>
            <subfield code="0">http://id.loc.gov/authorities/names/n2012000135</subfield>
        </datafield>
        <datafield tag="245" ind1="1" ind2="0">
            <subfield code="a">Tuh&#x323;fat al-sulla&#x304;k fi&#x304; fad&#x323;l
                al-siwa&#x304;k.</subfield>
        </datafield>
        <datafield tag="500" ind1=" " ind2=" ">
            <subfield code="a">fol. 22a-27a. 217 x 156; 165 x 90 mm. 25 lin. 18th cen. (collated in
                1151 H.).</subfield>
        </datafield>
        <datafield tag="500" ind1=" " ind2=" ">
            <subfield code="a">Brockelmann, GAL, II, 117 (24: no. 6).</subfield>
        </datafield>
        <datafield tag="500" ind1=" " ind2=" ">
            <subfield code="a">Incip.: ... &#x627;&#x644;&#x62D;&#x645;&#x62F; &#x644;&#x644;&#x647;
                ... &#x648;&#x628;&#x639;&#x62F; &#x641;&#x647;&#x630;&#x647;
                &#x627;&#x62D;&#x627;&#x62F;&#x649;&#x62B;
                &#x630;&#x6A9;&#x631;&#x62A;&#x647;&#x627;
                &#x645;&#x62D;&#x630;&#x648;&#x641;&#x629;
                &#x627;&#x644;&#x627;&#x648;&#x627;&#x626;&#x644;</subfield>
        </datafield>
        <datafield tag="650" ind1=" " ind2="0">
            <subfield code="a">Teeth</subfield>
            <subfield code="x">Care and hygiene</subfield>
            <subfield code="x">Religious aspects</subfield>
            <subfield code="x">Islam</subfield>
            <subfield code="v">Early works to 1800.</subfield>
        </datafield>
        <datafield tag="650" ind1=" " ind2="0">
            <subfield code="a">Toothpicks</subfield>
            <subfield code="x">Religious aspects</subfield>
            <subfield code="x">Islam</subfield>
            <subfield code="v">Early works to 1800.</subfield>
        </datafield>
        <datafield tag="655" ind1=" " ind2="7">
            <subfield code="a">Manuscripts, Arabic</subfield>
            <subfield code="y">18th century.</subfield>
            <subfield code="2">lcsh</subfield>
        </datafield>
        <datafield tag="773" ind1="0" ind2=" ">
            <subfield code="t">Sharh&#x323; al-Munfarijah ... [etc.],</subfield>
            <subfield code="g">leaves 22a-27a</subfield>
            <subfield code="w">9976980353506421</subfield>
        </datafield>
    </record>