
    <record>
        <leader>00935ctmaa22002172a 4500</leader>
        <controlfield tag="001">9962668593506421</controlfield>
        <controlfield tag="005">20200927195336.0</controlfield>
        <controlfield tag="008">851121q16001699xx 000 0 ara d</controlfield>
        <datafield tag="035" ind1=" " ind2=" ">
            <subfield code="a">6266859</subfield>
        </datafield>
        <datafield tag="035" ind1=" " ind2=" ">
            <subfield code="a">(NjP)6266859-princetondb</subfield>
        </datafield>
        <datafield tag="040" ind1=" " ind2=" ">
            <subfield code="a">PUL</subfield>
            <subfield code="c">PUL</subfield>
        </datafield>
        <datafield tag="066" ind1=" " ind2=" ">
            <subfield code="c">(3</subfield>
        </datafield>
        <datafield tag="100" ind1="0" ind2=" ">
            <subfield code="a">Suyu&#x304;t&#x323;i&#x304;,</subfield>
            <subfield code="d">1445-1505.</subfield>
            <subfield code="0">http://id.loc.gov/authorities/names/n80081636</subfield>
        </datafield>
        <datafield tag="245" ind1="1" ind2="3">
            <subfield code="a">al-Akhba&#x304;r al-ma&#x2BC;thu&#x304;rah fi&#x304;
                al-it&#x323;t&#x323;ila&#x304;&#x2BC; bi-al-nu&#x304;rah.</subfield>
        </datafield>
        <datafield tag="500" ind1=" " ind2=" ">
            <subfield code="a">fol. 17b-20b. 180 x 133; 147 x 80 mm. 23 lin. 17th cen.</subfield>
        </datafield>
        <datafield tag="500" ind1=" " ind2=" ">
            <subfield code="a">Brockelmann, GAL, II, 197 (no. 230); S II, 192.</subfield>
        </datafield>
        <datafield tag="500" ind1=" " ind2=" ">
            <subfield code="a">Incip.: ... &#x645;&#x633;&#x626;&#x644;&#x629; &#x645;&#x627;
                &#x642;&#x648;&#x644;&#x6A9;&#x645; &#x641;&#x649;
                &#x627;&#x644;&#x627;&#x637;&#x644;&#x627;&#x621;</subfield>
        </datafield>
        <datafield tag="650" ind1=" " ind2="0">
            <subfield code="a">Hair</subfield>
            <subfield code="x">Removal</subfield>
            <subfield code="v">Early works to 1800.</subfield>
        </datafield>
        <datafield tag="650" ind1=" " ind2="0">
            <subfield code="a">Hair</subfield>
            <subfield code="x">Religious aspects</subfield>
            <subfield code="x">Islam</subfield>
            <subfield code="v">Early works to 1800.</subfield>
        </datafield>
        <datafield tag="650" ind1=" " ind2="0">
            <subfield code="a">Hair</subfield>
            <subfield code="x">Removal</subfield>
            <subfield code="x">Legal aspects</subfield>
            <subfield code="x">Islamic law</subfield>
            <subfield code="v">Early works to 1800.</subfield>
        </datafield>
        <datafield tag="655" ind1=" " ind2="7">
            <subfield code="a">Manuscripts, Arabic</subfield>
            <subfield code="y">17th century.</subfield>
            <subfield code="2">lcsh</subfield>
        </datafield>
        <datafield tag="773" ind1="0" ind2=" ">
            <subfield code="t">[Akhba&#x304;r al-ma&#x2BC;thu&#x304;rah fi&#x304;
                al-it&#x323;t&#x323;ila&#x304;&#x2BC; bi-al-nu&#x304;rah ... etc.]</subfield>
            <subfield code="w">99116511353506421</subfield>
        </datafield>
    </record>