
    <record>
        <leader>00777ctmaa22002052a 4500</leader>
        <controlfield tag="001">9962668603506421</controlfield>
        <controlfield tag="005">20200927195337.0</controlfield>
        <controlfield tag="008">851121q16001699xx 000 0 ara d</controlfield>
        <datafield tag="035" ind1=" " ind2=" ">
            <subfield code="a">6266860</subfield>
        </datafield>
        <datafield tag="035" ind1=" " ind2=" ">
            <subfield code="a">(NjP)6266860-princetondb</subfield>
        </datafield>
        <datafield tag="040" ind1=" " ind2=" ">
            <subfield code="a">PUL</subfield>
            <subfield code="c">PUL</subfield>
        </datafield>
        <datafield tag="066" ind1=" " ind2=" ">
            <subfield code="c">(3</subfield>
        </datafield>
        <datafield tag="100" ind1="1" ind2=" ">
            <subfield code="a">Bukha&#x304;ri&#x304;, Muh&#x323;ammad ibn
                Yah&#x323;ya&#x301;,</subfield>
            <subfield code="d">fl. 1527.</subfield>
        </datafield>
        <datafield tag="245" ind1="1" ind2="0">
            <subfield code="a">Risa&#x304;lah fi&#x304; fad&#x323;i&#x304;lat
                al-&#x2BB;ima&#x304;mah.</subfield>
        </datafield>
        <datafield tag="500" ind1=" " ind2=" ">
            <subfield code="a">fol. 139b-141b. 200 x 134 mm. 18 lin. 17th cen.</subfield>
        </datafield>
        <datafield tag="500" ind1=" " ind2=" ">
            <subfield code="a">Berlin 5459.</subfield>
        </datafield>
        <datafield tag="500" ind1=" " ind2=" ">
            <subfield code="a">Incip.: ... &#x627;&#x644;&#x62D;&#x645;&#x62F; &#x644;&#x644;&#x647;
                &#x627;&#x644;&#x630;&#x649; &#x6A9;&#x648;&#x651;&#x631;
                &#x639;&#x646;&#x627;&#x635;&#x631;
                &#x648;&#x62C;&#x648;&#x62F;&#x646;&#x627;</subfield>
        </datafield>
        <datafield tag="650" ind1=" " ind2="0">
            <subfield code="a">Clothing and dress</subfield>
            <subfield code="x">Religious aspects</subfield>
            <subfield code="x">Islam</subfield>
            <subfield code="v">Early works to 1800.</subfield>
        </datafield>
        <datafield tag="650" ind1=" " ind2="0">
            <subfield code="a">Turbans</subfield>
            <subfield code="x">Religious aspects</subfield>
            <subfield code="x">Islam</subfield>
            <subfield code="v">Early works to 1800.</subfield>
        </datafield>
        <datafield tag="655" ind1=" " ind2="7">
            <subfield code="a">Manuscripts, Arabic</subfield>
            <subfield code="y">17th century.</subfield>
            <subfield code="2">lcsh</subfield>
        </datafield>
        <datafield tag="773" ind1="0" ind2=" ">
            <subfield code="t">[Sharh&#x323; al-Durr al-yati&#x304;m ... etc.]</subfield>
            <subfield code="w">99116511003506421</subfield>
        </datafield>
    </record>