
    <record>
        <leader>01158ctmaa22002172a 4500</leader>
        <controlfield tag="001">9962668653506421</controlfield>
        <controlfield tag="005">20200927195337.0</controlfield>
        <controlfield tag="008">851121q15001599xx 000 0 ara d</controlfield>
        <datafield tag="035" ind1=" " ind2=" ">
            <subfield code="a">6266865</subfield>
        </datafield>
        <datafield tag="035" ind1=" " ind2=" ">
            <subfield code="a">(NjP)6266865-princetondb</subfield>
        </datafield>
        <datafield tag="040" ind1=" " ind2=" ">
            <subfield code="a">PUL</subfield>
            <subfield code="c">PUL</subfield>
        </datafield>
        <datafield tag="066" ind1=" " ind2=" ">
            <subfield code="c">(3</subfield>
        </datafield>
        <datafield tag="100" ind1="1" ind2=" ">
            <subfield code="a">Ibn H&#x323;ajar al-Haythami&#x304;, Ah&#x323;mad ibn
                Muh&#x323;ammad,</subfield>
            <subfield code="d">approximately 1503-approximately 1566.</subfield>
            <subfield code="0">http://id.loc.gov/authorities/names/n82165741</subfield>
        </datafield>
        <datafield tag="245" ind1="1" ind2="0">
            <subfield code="a">Darr al-ghama&#x304;mah fi&#x304; durr al-t&#x323;aylasa&#x304;n
                wa-al-&#x2BB;adhabah wa-al-&#x2BB;ima&#x304;mah.</subfield>
        </datafield>
        <datafield tag="500" ind1=" " ind2=" ">
            <subfield code="a">fol. 48b-62b. 182 x 137; 120 x 100 mm. 23 lin. Wa&#x304;di&#x304;
                Mina&#x304;, Dhu&#x304; al-h&#x323;ijjah 969, Abu&#x304; al-Lut&#x323;f ibn
                S&#x323;a&#x304;rim al-Di&#x304;n al-S&#x323;ayda&#x304;wi&#x304;.</subfield>
        </datafield>
        <datafield tag="500" ind1=" " ind2=" ">
            <subfield code="a">Brockelmann, GAL, II, 509 (no. 19); S II, 528.</subfield>
        </datafield>
        <datafield tag="500" ind1=" " ind2=" ">
            <subfield code="a">Incip.: ... &#x627;&#x644;&#x62D;&#x645;&#x62F; &#x644;&#x644;&#x647;
                &#x627;&#x644;&#x630;&#x649; &#x645;&#x649;&#x632;
                &#x627;&#x644;&#x639;&#x644;&#x645;&#x627;&#x621;
                &#x628;&#x634;&#x639;&#x627;&#x631; &#x641;&#x649;
                &#x627;&#x644;&#x639;&#x630;&#x628;&#x629;</subfield>
        </datafield>
        <datafield tag="650" ind1=" " ind2="0">
            <subfield code="a">Clothing and dress</subfield>
            <subfield code="x">Religious aspects</subfield>
            <subfield code="x">Islam</subfield>
            <subfield code="v">Early works to 1800.</subfield>
        </datafield>
        <datafield tag="650" ind1=" " ind2="0">
            <subfield code="a">Headgear</subfield>
            <subfield code="x">Religious aspects</subfield>
            <subfield code="x">Islam</subfield>
            <subfield code="v">Early works to 1800.</subfield>
        </datafield>
        <datafield tag="650" ind1=" " ind2="0">
            <subfield code="a">Turbans</subfield>
            <subfield code="x">Religious aspects</subfield>
            <subfield code="x">Islam</subfield>
            <subfield code="v">Early works to 1800.</subfield>
        </datafield>
        <datafield tag="655" ind1=" " ind2="7">
            <subfield code="a">Manuscripts, Arabic</subfield>
            <subfield code="y">16th century.</subfield>
            <subfield code="2">lcsh</subfield>
        </datafield>
        <datafield tag="773" ind1="0" ind2=" ">
            <subfield code="t">[Ghurar al-sawa&#x304;fir &#x2BB;an ma&#x304; yah&#x323;ta&#x304;ju
                ilayhi al-musa&#x304;fir ... etc.]</subfield>
            <subfield code="w">99116506813506421</subfield>
        </datafield>
    </record>