
    <record>
        <leader>00887ctmaa22002052a 4500</leader>
        <controlfield tag="001">9962668673506421</controlfield>
        <controlfield tag="005">20200927195337.0</controlfield>
        <controlfield tag="008">851121q17001799xx 000 0 ara d</controlfield>
        <datafield tag="035" ind1=" " ind2=" ">
            <subfield code="a">6266867</subfield>
        </datafield>
        <datafield tag="035" ind1=" " ind2=" ">
            <subfield code="a">(NjP)6266867-princetondb</subfield>
        </datafield>
        <datafield tag="040" ind1=" " ind2=" ">
            <subfield code="a">PUL</subfield>
            <subfield code="c">PUL</subfield>
        </datafield>
        <datafield tag="066" ind1=" " ind2=" ">
            <subfield code="c">(3</subfield>
        </datafield>
        <datafield tag="100" ind1="1" ind2=" ">
            <subfield code="a">Ibn Bi&#x304;ri&#x304;, Ibra&#x304;hi&#x304;m ibn
                h&#x323;usayn,</subfield>
            <subfield code="d">1614-1688.</subfield>
        </datafield>
        <datafield tag="245" ind1="1" ind2="3">
            <subfield code="a">al-Su&#x2BC;a&#x304;l wa-al-mura&#x304;d fi&#x304; jawa&#x304;z
                isti&#x2BB;ma&#x304;l al-misk wa-al-&#x2BB;anbar wa-al-zaba&#x304;d.</subfield>
        </datafield>
        <datafield tag="500" ind1=" " ind2=" ">
            <subfield code="a">fol. 3b-4a. 222 x 167 mm. 18th cen.</subfield>
        </datafield>
        <datafield tag="500" ind1=" " ind2=" ">
            <subfield code="a">Brockelmann, GAL, II, 647 (26a: no. 3).</subfield>
        </datafield>
        <datafield tag="500" ind1=" " ind2=" ">
            <subfield code="a">Incip.: ... &#x627;&#x644;&#x62D;&#x645;&#x62F; &#x644;&#x644;&#x647;
                &#x627;&#x644;&#x645;&#x649;&#x633;&#x631; &#x644;&#x6A9;&#x644;
                &#x639;&#x633;&#x649;&#x631;</subfield>
        </datafield>
        <datafield tag="650" ind1=" " ind2="0">
            <subfield code="a">Perfumes</subfield>
            <subfield code="x">Religious aspects</subfield>
            <subfield code="x">Islam</subfield>
            <subfield code="v">Early works to 1800.</subfield>
        </datafield>
        <datafield tag="650" ind1=" " ind2="0">
            <subfield code="a">Hanafites</subfield>
            <subfield code="v">Early works to 1800.</subfield>
            <subfield code="0">http://id.loc.gov/authorities/subjects/sh2008105466</subfield>
        </datafield>
        <datafield tag="655" ind1=" " ind2="7">
            <subfield code="a">Manuscripts, Arabic</subfield>
            <subfield code="y">18th century.</subfield>
            <subfield code="2">lcsh</subfield>
        </datafield>
        <datafield tag="773" ind1="0" ind2=" ">
            <subfield code="t">[Ni&#x2BB;mah al-kubra&#x301; &#x2BB;ala&#x301; al-&#x2BB;a&#x304;lam
                bi-mawlid sayyid wuld A&#x304;dam ... etc.]</subfield>
            <subfield code="w">99116508243506421</subfield>
        </datafield>
    </record>