
    <record>
        <leader>00885ctmaa22001932a 4500</leader>
        <controlfield tag="001">9962668683506421</controlfield>
        <controlfield tag="005">20200927195337.0</controlfield>
        <controlfield tag="008">851121q18001899xx 000 0 ara d</controlfield>
        <datafield tag="035" ind1=" " ind2=" ">
            <subfield code="a">6266868</subfield>
        </datafield>
        <datafield tag="035" ind1=" " ind2=" ">
            <subfield code="a">(NjP)6266868-princetondb</subfield>
        </datafield>
        <datafield tag="040" ind1=" " ind2=" ">
            <subfield code="a">PUL</subfield>
            <subfield code="c">PUL</subfield>
        </datafield>
        <datafield tag="066" ind1=" " ind2=" ">
            <subfield code="c">(3</subfield>
        </datafield>
        <datafield tag="100" ind1="1" ind2=" ">
            <subfield code="a">Himma&#x304;t&#x2B9;za&#x304;dah, Muh&#x323;ammad ibn
                H&#x323;asan,</subfield>
            <subfield code="d">1680 or 1681-1761 or 1762.</subfield>
            <subfield code="0">http://id.loc.gov/authorities/names/nr92013083</subfield>
        </datafield>
        <datafield tag="245" ind1="1" ind2="3">
            <subfield code="a">al-Qawl al-az&#x323;har fi&#x304; jawa&#x304;z libs
                al-ah&#x323;mar.</subfield>
        </datafield>
        <datafield tag="500" ind1=" " ind2=" ">
            <subfield code="a">fol. 147b-149a. 240 x 166 mm. 19th cen.</subfield>
        </datafield>
        <datafield tag="500" ind1=" " ind2=" ">
            <subfield code="a">Baghda&#x304;di&#x304;, I&#x304;d&#x323;a&#x304;h&#x323;
                al-maknu&#x304;n, II, 246; T&#x323;alas, al-Kashsha&#x304;f, 3468 (7).</subfield>
        </datafield>
        <datafield tag="500" ind1=" " ind2=" ">
            <subfield code="a">Incip.: ... &#x627;&#x644;&#x62D;&#x645;&#x62F;
                &#x627;&#x644;&#x644;&#x647; &#x627;&#x644;&#x630;&#x649;
                &#x627;&#x649;&#x651;&#x62F; &#x627;&#x644;&#x62F;&#x649;&#x646;
                &#x628;&#x623;&#x642;&#x648;&#x627;&#x644;
                &#x627;&#x644;&#x639;&#x644;&#x645;&#x627;&#x621;</subfield>
        </datafield>
        <datafield tag="650" ind1=" " ind2="0">
            <subfield code="a">Clothing and dress</subfield>
            <subfield code="x">Religious aspects</subfield>
            <subfield code="x">Islam</subfield>
            <subfield code="v">Early works to 1800.</subfield>
        </datafield>
        <datafield tag="655" ind1=" " ind2="7">
            <subfield code="a">Manuscripts, Arabic</subfield>
            <subfield code="y">19th century.</subfield>
            <subfield code="2">lcsh</subfield>
        </datafield>
        <datafield tag="773" ind1="0" ind2=" ">
            <subfield code="t">[Risa&#x304;lah fi&#x304; al-jahr bi-al-dhikr wa-al-taghanni&#x304;
                ... etc.]</subfield>
            <subfield code="w">99116513923506421</subfield>
        </datafield>
    </record>