
    <record>
        <leader>01160ctmaa22002172a 4500</leader>
        <controlfield tag="001">9962668693506421</controlfield>
        <controlfield tag="005">20200927195338.0</controlfield>
        <controlfield tag="008">851121q17001799xx 000 0 ara d</controlfield>
        <datafield tag="035" ind1=" " ind2=" ">
            <subfield code="a">6266869</subfield>
        </datafield>
        <datafield tag="035" ind1=" " ind2=" ">
            <subfield code="a">(NjP)6266869-princetondb</subfield>
        </datafield>
        <datafield tag="040" ind1=" " ind2=" ">
            <subfield code="a">PUL</subfield>
            <subfield code="c">PUL</subfield>
        </datafield>
        <datafield tag="066" ind1=" " ind2=" ">
            <subfield code="c">(3</subfield>
        </datafield>
        <datafield tag="100" ind1="1" ind2=" ">
            <subfield code="a">Saffa&#x304;ri&#x304;ni&#x304;, Muh&#x323;ammad ibn
                Ah&#x323;mad,</subfield>
            <subfield code="d">1702 or 1703-1774.</subfield>
            <subfield code="0">http://id.loc.gov/authorities/names/n85212066</subfield>
        </datafield>
        <datafield tag="245" ind1="1" ind2="0">
            <subfield code="a">Bughyat al-nussa&#x304;k fi&#x304; al-kala&#x304;m &#x2BB;ala&#x301;
                al-siwa&#x304;k.</subfield>
        </datafield>
        <datafield tag="500" ind1=" " ind2=" ">
            <subfield code="a">fol. 48b-59a. 224 x 165; 168 x 99 mm. 27 lin. autograph, 18th
                cen.</subfield>
        </datafield>
        <datafield tag="500" ind1=" " ind2=" ">
            <subfield code="a">Mura&#x304;di&#x304;, Silk al-durar, IV, 31 and
                Baghda&#x304;di&#x304;, I&#x304;d&#x323;a&#x304;h&#x323; al-maknu&#x304;n, I, 262
                mention his Tuhfat al-nussa&#x304;k fi&#x304; fad&#x323;l
                al-siwa&#x304;k.</subfield>
        </datafield>
        <datafield tag="500" ind1=" " ind2=" ">
            <subfield code="a">The treatise is divided into muqaddimah, 5 fas&#x323;l, and
                kha&#x304;timah.</subfield>
        </datafield>
        <datafield tag="500" ind1=" " ind2=" ">
            <subfield code="a">Incip.: ... &#x627;&#x644;&#x62D;&#x645;&#x62F; &#x644;&#x644;&#x647;
                &#x648;&#x62D;&#x62F;&#x647; &#x648;&#x6A9;&#x641;&#x649; ... &#x627;&#x645;&#x627;
                &#x628;&#x639;&#x62F; &#x641;&#x627;&#x646;&#x649; &#x642;&#x62F;
                &#x633;&#x626;&#x644;&#x62A; &#x645;&#x631;&#x627;&#x631;&#x627; &#x639;&#x646;
                &#x627;&#x644;&#x633;&#x648;&#x627;&#x643;</subfield>
        </datafield>
        <datafield tag="650" ind1=" " ind2="0">
            <subfield code="a">Teeth</subfield>
            <subfield code="x">Care and hygiene</subfield>
            <subfield code="x">Religious aspects</subfield>
            <subfield code="x">Islam</subfield>
            <subfield code="v">Early works to 1800.</subfield>
        </datafield>
        <datafield tag="650" ind1=" " ind2="0">
            <subfield code="a">Toothpicks</subfield>
            <subfield code="x">Religious aspects</subfield>
            <subfield code="x">Islam</subfield>
            <subfield code="v">Early works to 1800.</subfield>
        </datafield>
        <datafield tag="655" ind1=" " ind2="7">
            <subfield code="a">Manuscripts, Arabic</subfield>
            <subfield code="y">18th century.</subfield>
            <subfield code="2">lcsh</subfield>
        </datafield>
        <datafield tag="773" ind1="0" ind2=" ">
            <subfield code="t">[Bughyat al-nussa&#x304;k fi&#x304; al-kala&#x304;m &#x2BB;ala&#x301;
                al-siwa&#x304;k ... etc.]</subfield>
            <subfield code="w">99116508733506421</subfield>
        </datafield>
    </record>