
    <record>
        <leader>00787ctmaa22001932a 4500</leader>
        <controlfield tag="001">9962668713506421</controlfield>
        <controlfield tag="005">20200927195338.0</controlfield>
        <controlfield tag="008">851121q16001699xx 000 0 ara d</controlfield>
        <datafield tag="035" ind1=" " ind2=" ">
            <subfield code="a">6266871</subfield>
        </datafield>
        <datafield tag="035" ind1=" " ind2=" ">
            <subfield code="a">(NjP)6266871-princetondb</subfield>
        </datafield>
        <datafield tag="040" ind1=" " ind2=" ">
            <subfield code="a">PUL</subfield>
            <subfield code="c">PUL</subfield>
        </datafield>
        <datafield tag="066" ind1=" " ind2=" ">
            <subfield code="c">(3</subfield>
        </datafield>
        <datafield tag="245" ind1="0" ind2="0">
            <subfield code="a">Risa&#x304;lah fi&#x304; al-siwa&#x304;k.</subfield>
        </datafield>
        <datafield tag="500" ind1=" " ind2=" ">
            <subfield code="a">fol. 65b-68a. 202 x 143; 130 x 63 mm. 17 lin. Juma&#x304;da&#x301; I,
                1105</subfield>
        </datafield>
        <datafield tag="500" ind1=" " ind2=" ">
            <subfield code="a">anon.</subfield>
        </datafield>
        <datafield tag="500" ind1=" " ind2=" ">
            <subfield code="a">Incip.: ... &#x627;&#x644;&#x62D;&#x645;&#x62F; &#x644;&#x644;&#x647;
                &#x648;&#x633;&#x644;&#x627;&#x645; ... &#x627;&#x639;&#x644;&#x645; &#x627;&#x646;
                &#x627;&#x644;&#x633;&#x648;&#x627;&#x643; &#x6A9;&#x645;&#x627;
                &#x627;&#x646;&#x647; &#x633;&#x646;&#x629;
                &#x644;&#x644;&#x631;&#x62C;&#x627;&#x644; &#x633;&#x646;&#x629;
                &#x644;&#x644;&#x646;&#x633;&#x627;&#x621;</subfield>
        </datafield>
        <datafield tag="650" ind1=" " ind2="0">
            <subfield code="a">Teeth</subfield>
            <subfield code="x">Care and hygiene</subfield>
            <subfield code="x">Religious aspects</subfield>
            <subfield code="x">Islam</subfield>
            <subfield code="v">Early works to 1800.</subfield>
        </datafield>
        <datafield tag="650" ind1=" " ind2="0">
            <subfield code="a">Toothpicks</subfield>
            <subfield code="x">Religious aspects</subfield>
            <subfield code="x">Islam</subfield>
            <subfield code="v">Early works to 1800.</subfield>
        </datafield>
        <datafield tag="655" ind1=" " ind2="7">
            <subfield code="a">Manuscripts, Arabic</subfield>
            <subfield code="y">17th century.</subfield>
            <subfield code="2">lcsh</subfield>
        </datafield>
        <datafield tag="773" ind1="0" ind2=" ">
            <subfield code="t">[[Risa&#x304;lah fi&#x304; iba&#x304;h&#x323;at shurb
                al-dukha&#x304;n] ... etc.]</subfield>
            <subfield code="w">99116515153506421</subfield>
        </datafield>
    </record>