
    <record>
        <leader>00932ctmaa22002052a 4500</leader>
        <controlfield tag="001">9962668723506421</controlfield>
        <controlfield tag="005">20200927195339.0</controlfield>
        <controlfield tag="008">851121q15001599xx 000 0 ara d</controlfield>
        <datafield tag="035" ind1=" " ind2=" ">
            <subfield code="a">6266872</subfield>
        </datafield>
        <datafield tag="035" ind1=" " ind2=" ">
            <subfield code="a">(NjP)6266872-princetondb</subfield>
        </datafield>
        <datafield tag="040" ind1=" " ind2=" ">
            <subfield code="a">PUL</subfield>
            <subfield code="c">PUL</subfield>
        </datafield>
        <datafield tag="066" ind1=" " ind2=" ">
            <subfield code="c">(3</subfield>
        </datafield>
        <datafield tag="100" ind1="0" ind2=" ">
            <subfield code="a">Kemalpas&#x327;azade,</subfield>
            <subfield code="d">1468 or 1469-1534.</subfield>
            <subfield code="0">http://id.loc.gov/authorities/names/n85370452</subfield>
        </datafield>
        <datafield tag="245" ind1="1" ind2="0">
            <subfield code="a">Risa&#x304;lah fi&#x304; baya&#x304;n h&#x323;add
                al-khamr.</subfield>
        </datafield>
        <datafield tag="500" ind1=" " ind2=" ">
            <subfield code="a">fol. 92b-94a. 194 x 125 mm. 17 lin. 16th/17th cen.</subfield>
        </datafield>
        <datafield tag="500" ind1=" " ind2=" ">
            <subfield code="a">Brockelmann, GAL, II, 601 (no. 98); S II, 671; Ats&#x131;z,
                Kemalpas&#x327;a-og&#x306;lu&#x2BC;nun eserleri, S&#x327;arkiyat mecmuas&#x131; no.
                61.</subfield>
        </datafield>
        <datafield tag="500" ind1=" " ind2=" ">
            <subfield code="a">Incip.: ... &#x627;&#x644;&#x62D;&#x645;&#x62F;
                &#x644;&#x648;&#x644;&#x649;&#x647; ... &#x627;&#x639;&#x644;&#x645; &#x627;&#x646;
                &#x62D;&#x62F; &#x627;&#x644;&#x62E;&#x645;&#x631;
                &#x628;&#x627;&#x644;&#x634;&#x631;&#x628;</subfield>
        </datafield>
        <datafield tag="650" ind1=" " ind2="0">
            <subfield code="a">Liquor laws (Islamic law)</subfield>
            <subfield code="v">Early works to 1800.</subfield>
        </datafield>
        <datafield tag="650" ind1=" " ind2="0">
            <subfield code="a">Hanafites</subfield>
            <subfield code="v">Early works to 1800.</subfield>
            <subfield code="0">http://id.loc.gov/authorities/subjects/sh2008105466</subfield>
        </datafield>
        <datafield tag="655" ind1=" " ind2="7">
            <subfield code="a">Manuscripts, Arabic</subfield>
            <subfield code="y">16th century.</subfield>
            <subfield code="2">lcsh</subfield>
        </datafield>
        <datafield tag="773" ind1="0" ind2=" ">
            <subfield code="t">[Risa&#x304;lah fi&#x304; al-faqr ... etc.]</subfield>
            <subfield code="w">99116514073506421</subfield>
        </datafield>
    </record>