
    <record>
        <leader>00722ctmaa22001812a 4500</leader>
        <controlfield tag="001">9962668743506421</controlfield>
        <controlfield tag="005">20200927195339.0</controlfield>
        <controlfield tag="008">851121q16001699xx 000 0 ara d</controlfield>
        <datafield tag="035" ind1=" " ind2=" ">
            <subfield code="a">6266874</subfield>
        </datafield>
        <datafield tag="035" ind1=" " ind2=" ">
            <subfield code="a">(NjP)6266874-princetondb</subfield>
        </datafield>
        <datafield tag="040" ind1=" " ind2=" ">
            <subfield code="a">PUL</subfield>
            <subfield code="c">PUL</subfield>
        </datafield>
        <datafield tag="066" ind1=" " ind2=" ">
            <subfield code="c">(3</subfield>
        </datafield>
        <datafield tag="100" ind1="1" ind2=" ">
            <subfield code="a">Qaraba&#x304;ghi&#x304;, Muh&#x323;ammad ibn
                &#x2BB;Ali&#x304;,</subfield>
            <subfield code="d">-1535 or 1536.</subfield>
            <subfield code="0">http://id.loc.gov/authorities/names/no2006104905</subfield>
        </datafield>
        <datafield tag="245" ind1="1" ind2="0">
            <subfield code="a">Risa&#x304;lah fi&#x304; baya&#x304;n h&#x323;urmat
                al-khamr.</subfield>
        </datafield>
        <datafield tag="500" ind1=" " ind2=" ">
            <subfield code="a">fol. 43a-44a. 214 x 155 mm. 17th cen.</subfield>
        </datafield>
        <datafield tag="500" ind1=" " ind2=" ">
            <subfield code="a">Incip.: ... &#x627;&#x644;&#x62D;&#x645;&#x62F;
                &#x644;&#x648;&#x644;&#x649;&#x647; ... &#x648;&#x628;&#x639;&#x62F;
                &#x641;&#x644;&#x645;&#x627; &#x642;&#x631;&#x639;
                &#x627;&#x644;&#x633;&#x645;&#x639; &#x648;&#x642;&#x644;&#x642;&#x644;
                &#x627;&#x644;&#x637;&#x628;&#x639;</subfield>
        </datafield>
        <datafield tag="650" ind1=" " ind2="0">
            <subfield code="a">Liquor laws (Islamic law)</subfield>
            <subfield code="v">Early works to 1800.</subfield>
        </datafield>
        <datafield tag="655" ind1=" " ind2="7">
            <subfield code="a">Manuscripts, Arabic</subfield>
            <subfield code="y">17th century.</subfield>
            <subfield code="2">lcsh</subfield>
        </datafield>
        <datafield tag="773" ind1="0" ind2=" ">
            <subfield code="t">[Risa&#x304;lat al-mi&#x2BB;ra&#x304;j ... etc.]</subfield>
            <subfield code="w">99116508643506421</subfield>
        </datafield>
    </record>