
    <record>
        <leader>00604ctmaa22001812a 4500</leader>
        <controlfield tag="001">9962668753506421</controlfield>
        <controlfield tag="005">20200927195339.0</controlfield>
        <controlfield tag="008">851121q16001699xx 000 0 ara d</controlfield>
        <datafield tag="035" ind1=" " ind2=" ">
            <subfield code="a">6266875</subfield>
        </datafield>
        <datafield tag="035" ind1=" " ind2=" ">
            <subfield code="a">(NjP)6266875-princetondb</subfield>
        </datafield>
        <datafield tag="040" ind1=" " ind2=" ">
            <subfield code="a">PUL</subfield>
            <subfield code="c">PUL</subfield>
        </datafield>
        <datafield tag="066" ind1=" " ind2=" ">
            <subfield code="c">(3</subfield>
        </datafield>
        <datafield tag="100" ind1="1" ind2=" ">
            <subfield code="a">Zayni&#x304;, Muh&#x323;ammad ibn Mah&#x323;mu&#x304;d,</subfield>
            <subfield code="d">fl. 1613.</subfield>
        </datafield>
        <datafield tag="245" ind1="1" ind2="0">
            <subfield code="a">Risa&#x304;lah fi&#x304; al-qahwah.</subfield>
        </datafield>
        <datafield tag="500" ind1=" " ind2=" ">
            <subfield code="a">fol. 167a-170a. 208 x 147 mm. 19 lin. 17th cen.</subfield>
        </datafield>
        <datafield tag="500" ind1=" " ind2=" ">
            <subfield code="a">Incip.: ... &#x627;&#x644;&#x62D;&#x645;&#x62F; &#x644;&#x644;&#x647;
                &#x627;&#x644;&#x635;&#x627;&#x646;&#x639;
                &#x627;&#x644;&#x62D;&#x6A9;&#x649;&#x645;</subfield>
        </datafield>
        <datafield tag="650" ind1=" " ind2="0">
            <subfield code="a">Coffee</subfield>
            <subfield code="v">Early works to 1800.</subfield>
        </datafield>
        <datafield tag="655" ind1=" " ind2="7">
            <subfield code="a">Manuscripts, Arabic</subfield>
            <subfield code="y">17th century.</subfield>
            <subfield code="2">lcsh</subfield>
        </datafield>
        <datafield tag="773" ind1="0" ind2=" ">
            <subfield code="t">[[Unidentified Turkish text] ... etc.]</subfield>
            <subfield code="w">99116512133506421</subfield>
        </datafield>
    </record>