
    <record>
        <leader>00901ctmaa22001932a 4500</leader>
        <controlfield tag="001">9962668773506421</controlfield>
        <controlfield tag="005">20200927195339.0</controlfield>
        <controlfield tag="008">851121q18001899xx 000 0 ara d</controlfield>
        <datafield tag="035" ind1=" " ind2=" ">
            <subfield code="a">6266877</subfield>
        </datafield>
        <datafield tag="035" ind1=" " ind2=" ">
            <subfield code="a">(NjP)6266877-princetondb</subfield>
        </datafield>
        <datafield tag="040" ind1=" " ind2=" ">
            <subfield code="a">PUL</subfield>
            <subfield code="c">PUL</subfield>
        </datafield>
        <datafield tag="066" ind1=" " ind2=" ">
            <subfield code="c">(3</subfield>
        </datafield>
        <datafield tag="100" ind1="1" ind2=" ">
            <subfield code="a">Na&#x304;bulusi&#x304;, &#x2BB;Abd al-Ghani&#x304; ibn
                Isma&#x304;&#x2BB;i&#x304;l,</subfield>
            <subfield code="d">1641-1731.</subfield>
            <subfield code="0">http://id.loc.gov/authorities/names/n83198301</subfield>
        </datafield>
        <datafield tag="245" ind1="1" ind2="3">
            <subfield code="a">al-S&#x323;ulh&#x323; bayna al-ikhwa&#x304;n fi&#x304; h&#x323;ukm
                iba&#x304;h&#x323;at al-dukha&#x304;n.</subfield>
        </datafield>
        <datafield tag="500" ind1=" " ind2=" ">
            <subfield code="a">fol. 203b-217a (incompl. at end). 197 x 144; 148 x 63 mm. 19 lin.
                19th cen.</subfield>
        </datafield>
        <datafield tag="500" ind1=" " ind2=" ">
            <subfield code="a">Brockelmann, GAL, II, 456 (no. 32); S II, 474.</subfield>
        </datafield>
        <datafield tag="500" ind1=" " ind2=" ">
            <subfield code="a">Incip.: ... &#x627;&#x644;&#x62D;&#x645;&#x62F; &#x644;&#x644;&#x647;
                &#x627;&#x644;&#x630;&#x649; &#x62C;&#x639;&#x644;
                &#x627;&#x633;&#x62A;&#x639;&#x645;&#x627;&#x644; &#x62F;&#x62E;&#x627;&#x646;
                &#x627;&#x644;&#x62A;&#x62A;&#x646; &#x646;&#x627;&#x641;&#x639;&#x627;</subfield>
        </datafield>
        <datafield tag="650" ind1=" " ind2="0">
            <subfield code="a">Smoking (Islamic law)</subfield>
            <subfield code="v">Early works to 1800.</subfield>
        </datafield>
        <datafield tag="655" ind1=" " ind2="7">
            <subfield code="a">Manuscripts, Arabic</subfield>
            <subfield code="y">19th century.</subfield>
            <subfield code="2">lcsh</subfield>
        </datafield>
        <datafield tag="773" ind1="0" ind2=" ">
            <subfield code="t">[Mu&#x2BB;i&#x304;n &#x2BB;ala&#x301; ma&#x2BB;rifat al-rija&#x304;l
                al-madhku&#x304;ri&#x304;n fi&#x304; Kita&#x304;b al-Arba&#x2BB;i&#x304;n ...
                etc.]</subfield>
            <subfield code="w">99116511483506421</subfield>
        </datafield>
    </record>