
    <record>
        <leader>00774ctmaa22001932a 4500</leader>
        <controlfield tag="001">9962668803506421</controlfield>
        <controlfield tag="005">20200927195340.0</controlfield>
        <controlfield tag="008">851121q17001799xx 000 0 ara d</controlfield>
        <datafield tag="035" ind1=" " ind2=" ">
            <subfield code="a">6266880</subfield>
        </datafield>
        <datafield tag="035" ind1=" " ind2=" ">
            <subfield code="a">(NjP)6266880-princetondb</subfield>
        </datafield>
        <datafield tag="040" ind1=" " ind2=" ">
            <subfield code="a">PUL</subfield>
            <subfield code="c">PUL</subfield>
        </datafield>
        <datafield tag="066" ind1=" " ind2=" ">
            <subfield code="c">(3</subfield>
        </datafield>
        <datafield tag="100" ind1="1" ind2=" ">
            <subfield code="a">Kha&#x304;dimi&#x304;, Muh&#x323;ammad ibn
                Mus&#x323;t&#x323;afa&#x301;,</subfield>
            <subfield code="d">1701 or 1702-1762 or 1763.</subfield>
            <subfield code="0">http://id.loc.gov/authorities/names/nr91027348</subfield>
        </datafield>
        <datafield tag="245" ind1="1" ind2="0">
            <subfield code="a">Risa&#x304;lah fi&#x304; al-dukha&#x304;n.</subfield>
        </datafield>
        <datafield tag="500" ind1=" " ind2=" ">
            <subfield code="a">fol. 21b-22a. 207 x 149 mm. 18th cen.</subfield>
        </datafield>
        <datafield tag="500" ind1=" " ind2=" ">
            <subfield code="a">Tahir, Osmanl&#x131; mu&#x308;&#x2BB;ellifleri (1914-24), I, 298 (no.
                21).</subfield>
        </datafield>
        <datafield tag="500" ind1=" " ind2=" ">
            <subfield code="a">Incip.: ... &#x627;&#x644;&#x62D;&#x645;&#x62F;
                &#x644;&#x648;&#x644;&#x649;&#x647; ... &#x627;&#x639;&#x644;&#x645; &#x627;&#x646;
                &#x627;&#x645;&#x631; &#x627;&#x644;&#x62F;&#x62E;&#x627;&#x646;</subfield>
        </datafield>
        <datafield tag="650" ind1=" " ind2="0">
            <subfield code="a">Smoking (Islamic law)</subfield>
            <subfield code="v">Early works to 1800.</subfield>
        </datafield>
        <datafield tag="655" ind1=" " ind2="7">
            <subfield code="a">Manuscripts, Arabic</subfield>
            <subfield code="y">18th century.</subfield>
            <subfield code="2">lcsh</subfield>
        </datafield>
        <datafield tag="773" ind1="0" ind2=" ">
            <subfield code="t">[Risa&#x304;lah fi&#x304; al-dukha&#x304;n ... etc.]</subfield>
            <subfield code="w">99116509213506421</subfield>
        </datafield>
    </record>