
    <record>
        <leader>00815ctmaa22001932a 4500</leader>
        <controlfield tag="001">9962668823506421</controlfield>
        <controlfield tag="005">20200927195340.0</controlfield>
        <controlfield tag="008">851121q17001799xx 000 0 ara d</controlfield>
        <datafield tag="035" ind1=" " ind2=" ">
            <subfield code="a">6266882</subfield>
        </datafield>
        <datafield tag="035" ind1=" " ind2=" ">
            <subfield code="a">(NjP)6266882-princetondb</subfield>
        </datafield>
        <datafield tag="040" ind1=" " ind2=" ">
            <subfield code="a">PUL</subfield>
            <subfield code="c">PUL</subfield>
        </datafield>
        <datafield tag="066" ind1=" " ind2=" ">
            <subfield code="c">(3</subfield>
        </datafield>
        <datafield tag="100" ind1="1" ind2=" ">
            <subfield code="a">Jabarti&#x304;, H&#x323;asan ibn Ibra&#x304;hi&#x304;m,</subfield>
            <subfield code="d">1698 or 1699-1774?</subfield>
            <subfield code="0">http://id.loc.gov/authorities/names/nr94039118</subfield>
        </datafield>
        <datafield tag="245" ind1="1" ind2="3">
            <subfield code="a">al-Aqwa&#x304;l al-mu&#x2BB;ribah fi&#x304; ah&#x323;wa&#x304;l
                al-ashribah.</subfield>
        </datafield>
        <datafield tag="500" ind1=" " ind2=" ">
            <subfield code="a">fol. 1b-5b. 220 x 158; 180 x 95 mm. 25 lin. 18th cen.</subfield>
        </datafield>
        <datafield tag="500" ind1=" " ind2=" ">
            <subfield code="a">Brockelmann, GAL, II, 472 (no. 9); S II, 487.</subfield>
        </datafield>
        <datafield tag="500" ind1=" " ind2=" ">
            <subfield code="a">Incip.: ... &#x627;&#x644;&#x62D;&#x645;&#x62F; &#x644;&#x644;&#x647;
                &#x627;&#x644;&#x647;&#x627;&#x62F;&#x649; &#x627;&#x644;&#x649;
                &#x627;&#x644;&#x635;&#x648;&#x627;&#x628;</subfield>
        </datafield>
        <datafield tag="650" ind1=" " ind2="0">
            <subfield code="a">Beverages</subfield>
            <subfield code="x">Religious aspects</subfield>
            <subfield code="x">Islam</subfield>
            <subfield code="v">Early works to 1800.</subfield>
        </datafield>
        <datafield tag="655" ind1=" " ind2="7">
            <subfield code="a">Manuscripts, Arabic</subfield>
            <subfield code="y">18th century.</subfield>
            <subfield code="2">lcsh</subfield>
        </datafield>
        <datafield tag="773" ind1="0" ind2=" ">
            <subfield code="t">[Risa&#x304;lah fi&#x304; al-jahr bi-al-dhikr wa-al-taghanni&#x304;
                ... etc.]</subfield>
            <subfield code="w">99116508123506421</subfield>
        </datafield>
    </record>