
    <record>
        <leader>00691ctmaa22001812a 4500</leader>
        <controlfield tag="001">9962668833506421</controlfield>
        <controlfield tag="005">20200927195341.0</controlfield>
        <controlfield tag="008">851121q17001799xx 000 0 ara d</controlfield>
        <datafield tag="035" ind1=" " ind2=" ">
            <subfield code="a">6266883</subfield>
        </datafield>
        <datafield tag="035" ind1=" " ind2=" ">
            <subfield code="a">(NjP)6266883-princetondb</subfield>
        </datafield>
        <datafield tag="040" ind1=" " ind2=" ">
            <subfield code="a">PUL</subfield>
            <subfield code="c">PUL</subfield>
        </datafield>
        <datafield tag="066" ind1=" " ind2=" ">
            <subfield code="c">(3</subfield>
        </datafield>
        <datafield tag="100" ind1="1" ind2=" ">
            <subfield code="a">Ala&#x304;&#x2BC;i&#x304;yawi&#x304;, Mah&#x323;mu&#x304;d ibn
                &#x2BB;Abd al-Rah&#x323;ma&#x304;n.</subfield>
        </datafield>
        <datafield tag="245" ind1="1" ind2="0">
            <subfield code="a">Risa&#x304;lah fi&#x304; shurb al-dukha&#x304;n.</subfield>
        </datafield>
        <datafield tag="500" ind1=" " ind2=" ">
            <subfield code="a">fol. 79b-83b. 202 x 143; 147 x 81 mm. 19 lin. 18th cen.</subfield>
        </datafield>
        <datafield tag="500" ind1=" " ind2=" ">
            <subfield code="a">Incip.: ... &#x627;&#x644;&#x62D;&#x645;&#x62F; &#x644;&#x644;&#x647;
                &#x627;&#x644;&#x630;&#x649; &#x628;&#x649;&#x646;
                &#x644;&#x639;&#x628;&#x627;&#x62F;&#x647;
                &#x627;&#x644;&#x62D;&#x644;&#x627;&#x644;
                &#x648;&#x627;&#x644;&#x62D;&#x631;&#x627;&#x645;</subfield>
        </datafield>
        <datafield tag="650" ind1=" " ind2="0">
            <subfield code="a">Smoking (Islamic law)</subfield>
            <subfield code="v">Early works to 1800.</subfield>
        </datafield>
        <datafield tag="655" ind1=" " ind2="7">
            <subfield code="a">Manuscripts, Arabic</subfield>
            <subfield code="y">18th century.</subfield>
            <subfield code="2">lcsh</subfield>
        </datafield>
        <datafield tag="773" ind1="0" ind2=" ">
            <subfield code="t">[[Risa&#x304;lah fi&#x304; iba&#x304;h&#x323;at shurb
                al-dukha&#x304;n] ... etc.]</subfield>
            <subfield code="w">99116515153506421</subfield>
        </datafield>
    </record>