
    <record>
        <leader>00861ctmaa22001932a 4500</leader>
        <controlfield tag="001">9962668843506421</controlfield>
        <controlfield tag="005">20200927195341.0</controlfield>
        <controlfield tag="008">851121q18001899xx 000 0 ara d</controlfield>
        <datafield tag="035" ind1=" " ind2=" ">
            <subfield code="a">6266884</subfield>
        </datafield>
        <datafield tag="035" ind1=" " ind2=" ">
            <subfield code="a">(NjP)6266884-princetondb</subfield>
        </datafield>
        <datafield tag="040" ind1=" " ind2=" ">
            <subfield code="a">PUL</subfield>
            <subfield code="c">PUL</subfield>
        </datafield>
        <datafield tag="066" ind1=" " ind2=" ">
            <subfield code="c">(3</subfield>
        </datafield>
        <datafield tag="100" ind1="1" ind2=" ">
            <subfield code="a">&#x2BB;Aymaki&#x304;, Abu&#x304; Bakr ibn
                Mu&#x2BB;a&#x304;wiyah.</subfield>
        </datafield>
        <datafield tag="245" ind1="1" ind2="0">
            <subfield code="a">I&#x2BB;la&#x304;m al-tilmi&#x304;dh bi-ah&#x323;ka&#x304;m
                al-nabi&#x304;dh.</subfield>
        </datafield>
        <datafield tag="500" ind1=" " ind2=" ">
            <subfield code="a">fol. 15a-20a. 220 x 176; 192 x 130 mm. 22 lin. 19th cen. (Ima&#x304;m
                Sha&#x304;mil).</subfield>
        </datafield>
        <datafield tag="500" ind1=" " ind2=" ">
            <subfield code="a">Incip.: ... &#x627;&#x644;&#x62D;&#x645;&#x62F; &#x644;&#x644;&#x647;
                &#x627;&#x644;&#x630;&#x649; &#x628;&#x649;&#x646;
                &#x628;&#x641;&#x636;&#x644;&#x647; &#x627;&#x644;&#x62D;&#x644;&#x627;&#x644;
                &#x648;&#x627;&#x644;&#x62D;&#x631;&#x627;&#x645; ... &#x648;&#x628;&#x639;&#x62F;
                &#x641;&#x649;&#x642;&#x648;&#x644; ... &#x644;&#x645;&#x627;
                &#x631;&#x623;&#x649;&#x62A; &#x639;&#x644;&#x645;&#x627;&#x621;
                &#x62F;&#x627;&#x63A;&#x633;&#x62A;&#x627;&#x646;</subfield>
        </datafield>
        <datafield tag="650" ind1=" " ind2="0">
            <subfield code="a">Liquor laws (Islamic law)</subfield>
            <subfield code="0">http://id.loc.gov/authorities/subjects/sh85077417</subfield>
        </datafield>
        <datafield tag="650" ind1=" " ind2="0">
            <subfield code="a">Beverages</subfield>
            <subfield code="x">Religious aspects</subfield>
            <subfield code="x">Islam.</subfield>
        </datafield>
        <datafield tag="655" ind1=" " ind2="7">
            <subfield code="a">Manuscripts, Arabic</subfield>
            <subfield code="y">19th century.</subfield>
            <subfield code="2">lcsh</subfield>
        </datafield>
        <datafield tag="773" ind1="0" ind2=" ">
            <subfield code="t">[Risa&#x304;lah fi&#x304; i&#x304;ma&#x304;n abaway al-Nabi&#x304;
                ... etc.]</subfield>
            <subfield code="w">99116512943506421</subfield>
        </datafield>
    </record>