
    <record>
        <leader>00639ctmaa22001812a 4500</leader>
        <controlfield tag="001">9962668853506421</controlfield>
        <controlfield tag="005">20200927195341.0</controlfield>
        <controlfield tag="008">851121q17001799xx 000 0 ara d</controlfield>
        <datafield tag="035" ind1=" " ind2=" ">
            <subfield code="a">6266885</subfield>
        </datafield>
        <datafield tag="035" ind1=" " ind2=" ">
            <subfield code="a">(NjP)6266885-princetondb</subfield>
        </datafield>
        <datafield tag="040" ind1=" " ind2=" ">
            <subfield code="a">PUL</subfield>
            <subfield code="c">PUL</subfield>
        </datafield>
        <datafield tag="066" ind1=" " ind2=" ">
            <subfield code="c">(3</subfield>
        </datafield>
        <datafield tag="245" ind1="0" ind2="0">
            <subfield code="a">Risa&#x304;lah fi&#x304; al-dukha&#x304;n.</subfield>
        </datafield>
        <datafield tag="500" ind1=" " ind2=" ">
            <subfield code="a">fol. 32a-b. 210 x 150 mm. 16 lin. 18th cen.</subfield>
        </datafield>
        <datafield tag="500" ind1=" " ind2=" ">
            <subfield code="a">anon.</subfield>
        </datafield>
        <datafield tag="500" ind1=" " ind2=" ">
            <subfield code="a">Incip.: ... &#x627;&#x644;&#x62D;&#x645;&#x62F; &#x644;&#x644;&#x647;
                ... &#x627;&#x639;&#x644;&#x645; &#x627;&#x646; &#x628;&#x649;&#x639;
                &#x627;&#x644;&#x62F;&#x62E;&#x627;&#x646; ... &#x628;&#x627;&#x637;&#x644;
                &#x644;&#x627;&#x646;&#x647; &#x644;&#x627; &#x649;&#x635;&#x644;&#x62D;
                &#x627;&#x644;&#x627; &#x644;&#x644;&#x647;&#x648;</subfield>
        </datafield>
        <datafield tag="650" ind1=" " ind2="0">
            <subfield code="a">Smoking (Islamic law)</subfield>
            <subfield code="v">Early works to 1800.</subfield>
        </datafield>
        <datafield tag="655" ind1=" " ind2="7">
            <subfield code="a">Manuscripts, Arabic</subfield>
            <subfield code="y">18th century.</subfield>
            <subfield code="2">lcsh</subfield>
        </datafield>
        <datafield tag="773" ind1="0" ind2=" ">
            <subfield code="t">[Risa&#x304;lah fi&#x304; al-dukha&#x304;n ... etc.]</subfield>
            <subfield code="w">99116506163506421</subfield>
        </datafield>
    </record>