
    <record>
        <leader>00921ctmaa22002052a 4500</leader>
        <controlfield tag="001">9962668883506421</controlfield>
        <controlfield tag="005">20200927195341.0</controlfield>
        <controlfield tag="008">851121q15001599xx 000 0 ara d</controlfield>
        <datafield tag="035" ind1=" " ind2=" ">
            <subfield code="a">6266888</subfield>
        </datafield>
        <datafield tag="035" ind1=" " ind2=" ">
            <subfield code="a">(NjP)6266888-princetondb</subfield>
        </datafield>
        <datafield tag="040" ind1=" " ind2=" ">
            <subfield code="a">PUL</subfield>
            <subfield code="c">PUL</subfield>
        </datafield>
        <datafield tag="066" ind1=" " ind2=" ">
            <subfield code="c">(3</subfield>
        </datafield>
        <datafield tag="100" ind1="1" ind2=" ">
            <subfield code="a">Ibn Abi&#x304; al-Dunya&#x304;, &#x2BB;Abd Alla&#x304;h ibn
                Muh&#x323;ammad,</subfield>
            <subfield code="d">823-894.</subfield>
            <subfield code="0">http://id.loc.gov/authorities/names/n85136568</subfield>
        </datafield>
        <datafield tag="245" ind1="1" ind2="0">
            <subfield code="a">Risa&#x304;lat al-hawa&#x304;tif.</subfield>
        </datafield>
        <datafield tag="500" ind1=" " ind2=" ">
            <subfield code="a">fol. 63b-68a. 164 x 117; 108 x 70 mm. 11 lin. Zabi&#x304;d,
                Ramad&#x323;a&#x304;n 917.</subfield>
        </datafield>
        <datafield tag="500" ind1=" " ind2=" ">
            <subfield code="a">Brockelmann, GAL, S I, 247 (no. 12).</subfield>
        </datafield>
        <datafield tag="500" ind1=" " ind2=" ">
            <subfield code="a">Contains al-ha&#x304;tif al-sa&#x304;bi&#x2BB;.</subfield>
        </datafield>
        <datafield tag="500" ind1=" " ind2=" ">
            <subfield code="a">Incip.: ... &#x627;&#x644;&#x647;&#x627;&#x62A;&#x641;
                &#x627;&#x644;&#x633;&#x627;&#x628;&#x639; &#x647;&#x627;&#x62A;&#x641;
                &#x647;&#x62F;&#x627;&#x649;&#x629; &#x648;&#x627;&#x631;&#x634;&#x627;&#x62F;
                &#x627;&#x644;&#x649; &#x633;&#x644;&#x648;&#x643; &#x633;&#x649;&#x628;&#x644;
                &#x62C;&#x647;&#x627;&#x62F;</subfield>
        </datafield>
        <datafield tag="650" ind1=" " ind2="0">
            <subfield code="a">Jihad</subfield>
            <subfield code="v">Early works to 1800.</subfield>
        </datafield>
        <datafield tag="655" ind1=" " ind2="7">
            <subfield code="a">Manuscripts, Arabic</subfield>
            <subfield code="y">16th century.</subfield>
            <subfield code="2">lcsh</subfield>
        </datafield>
        <datafield tag="773" ind1="0" ind2=" ">
            <subfield code="t">[Gha&#x304;yat al-mat&#x323;lu&#x304;b wa-a&#x2BB;z&#x323;am
                al-minnah fi&#x304;ma&#x304; yaghfiru Alla&#x304;h bi-hi al-dhunu&#x304;b
                wa-yu&#x304;jibu al-jannah ... etc.]</subfield>
            <subfield code="w">99116506843506421</subfield>
        </datafield>
    </record>