
    <record>
        <leader>01042ctmaa22002052a 4500</leader>
        <controlfield tag="001">9962668903506421</controlfield>
        <controlfield tag="005">20200927195341.0</controlfield>
        <controlfield tag="008">851121q17001799xx 000 0 ara d</controlfield>
        <datafield tag="035" ind1=" " ind2=" ">
            <subfield code="a">6266890</subfield>
        </datafield>
        <datafield tag="035" ind1=" " ind2=" ">
            <subfield code="a">(NjP)6266890-princetondb</subfield>
        </datafield>
        <datafield tag="040" ind1=" " ind2=" ">
            <subfield code="a">PUL</subfield>
            <subfield code="c">PUL</subfield>
        </datafield>
        <datafield tag="066" ind1=" " ind2=" ">
            <subfield code="c">(3</subfield>
        </datafield>
        <datafield tag="100" ind1="0" ind2=" ">
            <subfield code="a">Suyu&#x304;t&#x323;i&#x304;,</subfield>
            <subfield code="d">1445-1505.</subfield>
            <subfield code="0">http://id.loc.gov/authorities/names/n80081636</subfield>
        </datafield>
        <datafield tag="245" ind1="1" ind2="3">
            <subfield code="a">al-Araj fi&#x304; al-faraj.</subfield>
        </datafield>
        <datafield tag="500" ind1=" " ind2=" ">
            <subfield code="a">fol. 210b-225b. 256 x 163; 175 x 110 mm. 25 lin. S&#x323;afar
                1188.</subfield>
        </datafield>
        <datafield tag="500" ind1=" " ind2=" ">
            <subfield code="a">Abridgment of the work of Ibn Abi&#x304; al-Dunya&#x304; (d.
                281/894): Brockelmann, GAL, I, 160 (3: no. 1, Ausz.); S I, 247; Brockelmann, GAL,
                II, 203 (no. 298); S II, 197.</subfield>
        </datafield>
        <datafield tag="500" ind1=" " ind2=" ">
            <subfield code="a">Incip.: ... &#x647;&#x630;&#x627; &#x62A;&#x623;&#x644;&#x649;&#x641;
                &#x644;&#x637;&#x649;&#x641; &#x644;&#x62E;&#x635;&#x62A; &#x641;&#x649;&#x647;
                &#x6A9;&#x62A;&#x627;&#x628; &#x627;&#x644;&#x641;&#x631;&#x62C; ...</subfield>
        </datafield>
        <datafield tag="650" ind1=" " ind2="0">
            <subfield code="a">Moral exhortation</subfield>
            <subfield code="v">Early works to 1800.</subfield>
        </datafield>
        <datafield tag="655" ind1=" " ind2="7">
            <subfield code="a">Manuscripts, Arabic</subfield>
            <subfield code="y">18th century.</subfield>
            <subfield code="2">lcsh</subfield>
        </datafield>
        <datafield tag="700" ind1="1" ind2=" ">
            <subfield code="a">Ibn Abi&#x304; al-Dunya&#x304;, &#x2BB;Abd Alla&#x304;h ibn
                Muh&#x323;ammad,</subfield>
            <subfield code="d">823-894.</subfield>
            <subfield code="t">Faraj ba&#x2BB;da al-shiddah.</subfield>
            <subfield code="0">http://id.loc.gov/authorities/names/n88251324</subfield>
        </datafield>
        <datafield tag="773" ind1="0" ind2=" ">
            <subfield code="t">[Mas&#x2BC;alah fi&#x304; al-Qur&#x2BC;a&#x304;n wa-ma&#x304;
                waqa&#x2BB;a fi&#x304;hi min niza&#x304;&#x2BB; ... etc.]</subfield>
            <subfield code="w">99116508463506421</subfield>
        </datafield>
    </record>