
    <record>
        <leader>00908ctmaa22001932a 4500</leader>
        <controlfield tag="001">9962668913506421</controlfield>
        <controlfield tag="005">20200927195341.0</controlfield>
        <controlfield tag="008">851121q18001899xx 000 0 ara d</controlfield>
        <datafield tag="035" ind1=" " ind2=" ">
            <subfield code="a">6266891</subfield>
        </datafield>
        <datafield tag="035" ind1=" " ind2=" ">
            <subfield code="a">(NjP)6266891-princetondb</subfield>
        </datafield>
        <datafield tag="040" ind1=" " ind2=" ">
            <subfield code="a">PUL</subfield>
            <subfield code="c">PUL</subfield>
        </datafield>
        <datafield tag="066" ind1=" " ind2=" ">
            <subfield code="c">(3</subfield>
        </datafield>
        <datafield tag="100" ind1="1" ind2=" ">
            <subfield code="a">Diya&#x304;rbakri&#x304;, Must&#x323;afa&#x301; ibn
                &#x2BB;Umar.</subfield>
        </datafield>
        <datafield tag="245" ind1="1" ind2="0">
            <subfield code="a">Tadhkirat al-mudhakkiri&#x304;n wa-tafkirat
                al-mufakkiri&#x304;n.</subfield>
        </datafield>
        <datafield tag="500" ind1=" " ind2=" ">
            <subfield code="a">ff. 94. 213 x 156; 155 x 84 mm. 17 lin. 1234 H.</subfield>
        </datafield>
        <datafield tag="500" ind1=" " ind2=" ">
            <subfield code="a">Abridgement of Rawd&#x323;at al-&#x2BB;uqala&#x304;&#x2BC; of Ibn
                H&#x323;ibba&#x304;n al-Busti&#x304;, d. 354/965, cf. Brockelmann, GAL, S I, 273 (8:
                no. 5); the title appears in the colophon.</subfield>
        </datafield>
        <datafield tag="500" ind1=" " ind2=" ">
            <subfield code="a">Incip.: ... &#x627;&#x644;&#x62D;&#x645;&#x62F; &#x644;&#x644;&#x647;
                &#x627;&#x644;&#x630;&#x649; &#x627;&#x644;&#x62A;&#x62C;&#x649;
                &#x627;&#x644;&#x649;&#x647; &#x641;&#x649; &#x6A9;&#x62F;&#x631;&#x629;
                &#x62D;&#x627;&#x644;&#x649;</subfield>
        </datafield>
        <datafield tag="650" ind1=" " ind2="0">
            <subfield code="a">Islamic ethics.</subfield>
            <subfield code="0">http://id.loc.gov/authorities/subjects/sh85068451</subfield>
        </datafield>
        <datafield tag="655" ind1=" " ind2="7">
            <subfield code="a">Manuscripts, Arabic</subfield>
            <subfield code="y">19th century.</subfield>
            <subfield code="2">lcsh</subfield>
        </datafield>
        <datafield tag="700" ind1="1" ind2="2">
            <subfield code="a">Ibn H&#x323;ibba&#x304;n, Muh&#x323;ammad,</subfield>
            <subfield code="d">d. 965.</subfield>
            <subfield code="t">Rawd&#x323;at al-&#x2BB;uqala&#x304;&#x2BC; wa-nuz&#x2B9;hat
                al-fud&#x323;ala&#x304;&#x2BC;.</subfield>
        </datafield>
    </record>