
    <record>
        <leader>01091ctmaa22002172a 4500</leader>
        <controlfield tag="001">9962668923506421</controlfield>
        <controlfield tag="005">20200927195341.0</controlfield>
        <controlfield tag="008">851121q13001399xx 000 0 ara d</controlfield>
        <datafield tag="035" ind1=" " ind2=" ">
            <subfield code="a">6266892</subfield>
        </datafield>
        <datafield tag="035" ind1=" " ind2=" ">
            <subfield code="a">(NjP)6266892-princetondb</subfield>
        </datafield>
        <datafield tag="040" ind1=" " ind2=" ">
            <subfield code="a">PUL</subfield>
            <subfield code="c">PUL</subfield>
        </datafield>
        <datafield tag="066" ind1=" " ind2=" ">
            <subfield code="c">(3</subfield>
        </datafield>
        <datafield tag="100" ind1="1" ind2=" ">
            <subfield code="a">Abu&#x304; al-Layth al-Samarqandi&#x304;, Nas&#x323;r ibn
                Muh&#x323;ammad,</subfield>
            <subfield code="d">-983?</subfield>
            <subfield code="0">http://id.loc.gov/authorities/names/n82268136</subfield>
        </datafield>
        <datafield tag="245" ind1="1" ind2="0">
            <subfield code="a">Tanbi&#x304;h al-gha&#x304;fili&#x304;n.</subfield>
        </datafield>
        <datafield tag="500" ind1=" " ind2=" ">
            <subfield code="a">acephalous ff. 118. 242 x 185; 203 x 135 mm. 21 lin. Dhu&#x304;
                al-h&#x323;ijjah 716, Muh&#x323;ammad ibn &#x2BB;Abd al-Razza&#x304;q ibn
                Kha&#x304;lid al-Maqdisi&#x304;.</subfield>
        </datafield>
        <datafield tag="500" ind1=" " ind2=" ">
            <subfield code="a">Brockelmann, GAL, I, 211 (no. 9); S I, 348.</subfield>
        </datafield>
        <datafield tag="530" ind1=" " ind2=" ">
            <subfield code="a">Also available in an electronic version.</subfield>
        </datafield>
        <datafield tag="650" ind1=" " ind2="0">
            <subfield code="a">Religious life</subfield>
            <subfield code="x">Islam</subfield>
            <subfield code="v">Early works to 1800.</subfield>
            <subfield code="0">http://id.loc.gov/authorities/subjects/sh86008165</subfield>
        </datafield>
        <datafield tag="650" ind1=" " ind2="0">
            <subfield code="a">Islam</subfield>
            <subfield code="v">Early works to 1800.</subfield>
            <subfield code="0">http://id.loc.gov/authorities/subjects/sh2008104957</subfield>
        </datafield>
        <datafield tag="650" ind1=" " ind2="0">
            <subfield code="a">Hadith</subfield>
            <subfield code="x">Criticism, interpretation, etc.</subfield>
            <subfield code="v">Early works to 1800.</subfield>
            <subfield code="0">http://id.loc.gov/authorities/subjects/sh2008105464</subfield>
        </datafield>
        <datafield tag="655" ind1=" " ind2="7">
            <subfield code="a">Manuscripts, Arabic</subfield>
            <subfield code="y">14th century.</subfield>
            <subfield code="2">lcsh</subfield>
        </datafield>
        <datafield tag="856" ind1="4" ind2="1">
            <subfield code="u">http://arks.princeton.edu/ark:/88435/r781wj636</subfield>
        </datafield>
    </record>